% bib entries for my publications
@InProceedings{2020languagegames,
  title = {{Functorial Language Games for Question Answering}},
  author = {de Felice, Giovanni and Di Lavore, Elena and Rom{\'a}n, Mario and Toumi, Alexis},
  doi = {10.4204/eptcs.333.21},
  year = 2021,
  month = {2},
  publisher = {Open Publishing Association},
  volume = {333},
  pages = {311--321},
  booktitle = {Electronic Proceedings in Theoretical Computer Science}
}

@InProceedings{2021gamesongraphs,
  author = {Di Lavore, Elena and Hedges, Jules and Soboci{\'n}ski, Pawe{\l}},
  title = {{Compositional Modelling of Network Games}},
  booktitle = {29th EACSL Annual Conference on Computer Science Logic (CSL 2021)},
  pages = {30:1--30:24},
  series = {Leibniz International Proceedings in Informatics (LIPIcs)},
  ISBN = {978-3-95977-175-7},
  ISSN = {1868-8969},
  year = {2021},
  volume = {183},
  editor = {Christel Baier and Jean Goubault-Larrecq},
  publisher = {Schloss Dagstuhl--Leibniz-Zentrum f{\"u}r Informatik},
  address = {Dagstuhl, Germany},
  URN = {urn:nbn:de:0030-drops-134645},
  eprinttype = {arxiv},
  eprint = {2006.03493},
  primaryclass = {cs.GT},
  doi = {10.4230/LIPIcs.CSL.2021.30}
}

@InProceedings{2021canonicalalgebra,
  author = {Di Lavore, Elena and Gianola, Alessandro and Rom{\'a}n, Mario and Sabadini, Nicoletta and Soboci{\'{n}}ski, Pawe{\l}},
  editor = {Sala{\"u}n, Gwen and Wijs, Anton},
  title = {{A Canonical Algebra of Open Transition Systems}},
  booktitle = {Formal Aspects of Component Software},
  year = {2021},
  publisher = {Springer International Publishing},
  address = {Cham},
  pages = {63--81},
  volume = {13077},
  isbn = {978-3-030-90636-8},
  eprinttype = {arxiv},
  eprint = {2010.10069v1},
  primaryclass = {math.CT},
  doi = {10.1007/978-3-030-90636-8_4}
}

@InProceedings{2022monoidalstreams,
  author = {Di Lavore, Elena and de Felice, Giovanni and Rom{\'a}n, Mario},
  title = {{Monoidal Streams for Dataflow Programming}},
  booktitle={Proceedings of the 37th Annual ACM/IEEE Symposium on Logic in Computer Science},
  pages={1--14},
  year={2022},
  eprinttype = {arxiv},
  eprint = {2202.02061},
  primaryclass = {cs.LO},
  doi = {10.1145/3531130.3533365}
}

@online{2022monoidalwidth,
  author = {Di Lavore, Elena and Soboci{\'n}ski, Pawe{\l}},
  title = {{Monoidal Width: Capturing Rank Width}},
  note = {to appear in Applied Category Theory 2022},
  eprinttype = {arxiv},
  eprint = {2202.07582},
  primaryClass = {math.CT},
  year = {2022}
}

@article{2023canonicalalgebra,
  author = {Di Lavore, Elena and Gianola, Alessandro and Rom{\'a}n, Mario and Sabadini, Nicoletta and Soboci{\'{n}}ski, Pawe{\l}},
  title = {{Span(Graph): a Canonical Feedback Algebra of Open Transition Systems}},
  journal = {Software and Systems Modeling},
  year = {2023},
  pages = {495--520},
  volume = {22},
  eprinttype = {arxiv},
  eprint = {2010.10069},
  primaryclass = {math.CT},
  doi = {10.1007/s10270-023-01092-7}
}

@online{2023partialmarkov,
  author = {Di Lavore, Elena and Rom{\'a}n, Mario},
  title = {{Evidential Decision Theory via Partial Markov Categories}},
  note = {to appear in Logic in Computer Science 2023},
  eprinttype = {arxiv},
  eprint = {2301.12989},
  primaryClass = {cs.LO},
  year = {2023}
}
